@article{bryngelson19_ml,
  title        = {A {G}aussian moment method and its augmentation via {LSTM} recurrent neural networks for the statistics of cavitating bubble populations},
  author       = {Bryngelson, S. H. and Charalampopoulos, A. and Sapsis, T. P. and Colonius, T.},
  year         = 2020,
  journal      = {International Journal of Multiphase Flow},
  volume       = 127,
  pages        = 103262,
}
@book{tennekes1972first,
  title        = {A first course in turbulence},
  author       = {Tennekes, Hendrik and Lumley, John L.},
  year         = 1972,
  publisher    = {MIT press},
}
@article{bryngelson19,
  title        = {A quantitative comparison of phase-averaged models for bubbly, cavitating flows},
  author       = {S. H. Bryngelson and K. Schmidmayer and T. Colonius},
  year         = 2019,
  journal      = {International Journal of Multphase Flow},
  volume       = 115,
  pages        = {137--143},
}
@article{liu21,
  title        = {A systematic approach for obtaining and modeling a nonlocal eddy diffusivity},
  author       = {Liu, Jessie and Williams, Hannah and Mani, Ali},
  year         = 2021,
  journal      = {arXiv preprint arXiv:2111.03914},
}
@article{hamba1995analysis,
  title        = {An analysis of nonlocal scalar transport in the convective boundary layer using the Green's function},
  author       = {Hamba, Fujihiro},
  year         = 1995,
  journal      = {Journal of Atmospheric Sciences},
  volume       = 52,
  number       = 8,
  pages        = {1084--1095},
}
@article{schafer2017compression,
  title        = {Compression, inversion, and approximate {PCA} of dense kernel matrices at near-linear computational complexity},
  author       = {Sch\"{a}fer, Florian and Sullivan, T. J. and Owhadi, Houman},
  year         = 2021,
  journal      = {SIAM Multiscale Modeling \& Simulation},
  volume       = 19,
  number       = 2,
  pages        = {688--730},
  issn         = {1540-3459},
}
@article{park21,
  title        = {Direct Calculation of the Eddy Viscosity Operator in Turbulent Channel Flow at $\mathrm{Re}_\tau = 180$},
  author       = {Park, Danah and Mani, Ali},
  year         = 2021,
  journal      = {arXiv preprint arXiv:2108.10898},
}
@article{shirian22,
  title        = {Eddy diffusivity operator in homogeneous isotropic turbulence},
  author       = {Shirian, Yasaman and Mani, Ali},
  year         = 2022,
  journal      = {Physical Review Fluids},
  volume       = 7,
  pages        = {L052601},
  issue        = 5,
}
@article{kraichnan1987eddy,
  title        = {Eddy viscosity and diffusivity: exact formulas and approximations},
  author       = {Kraichnan, Robert H},
  year         = 1987,
  journal      = {Complex Systems},
  publisher    = {Complex Systems Publications, Incorporated},
  volume       = 1,
  number       = {4-6},
  pages        = {805--820},
}
@article{lin2011fast,
  title        = {Fast construction of hierarchical matrix representation from matrix--vector multiplication},
  author       = {Lin, Lin and Lu, Jianfeng and Ying, Lexing},
  year         = 2011,
  journal      = {Journal of Computational Physics},
  volume       = 230,
  number       = 10,
  pages        = {4071--4087},
}
@article{halko2011finding,
  title        = {Finding structure with randomness: Probabilistic algorithms for constructing approximate matrix decompositions},
  author       = {Halko, Nathan and Martinsson, Per-Gunnar and Tropp, Joel A},
  year         = 2011,
  journal      = {SIAM Review},
  publisher    = {SIAM},
  volume       = 53,
  number       = 2,
  pages        = {217--288},
}
@inproceedings{li2020fourier,
  title        = {Fourier {N}eural {O}perator for Parametric Partial Differential Equations},
  author       = {Li, Zongyi and Kovachki, Nikola Borislavov and Azizzadenesheli, Kamyar and Bhattacharya, Kaushik and Stuart, Andrew and Anandkumar, Anima},
  year         = 2020,
  booktitle    = {International Conference on Learning Representations},
  pages        = {1--16},
}
@article{lu2021learning,
  title        = {Learning nonlinear operators via {DeepONet} based on the universal approximation theorem of operators},
  author       = {Lu, Lu and Jin, Pengzhan and Pang, Guofei and Zhang, Zhongqiang and Karniadakis, George Em},
  year         = 2021,
  journal      = {Nature Machine Intelligence},
  volume       = 3,
  number       = 3,
  pages        = {218--229},
}
@article{manimacroscopicforcingmethod2021,
  title        = {Macroscopic {F}orcing {M}ethod: {A} Tool for Turbulence Modeling and Analysis of Closures},
  author       = {Mani, Ali and Park, Danah},
  year         = 2021,
  journal      = {Physical Review Fluids},
  volume       = 6,
  number       = 5,
  pages        = {054607},
}
@article{hamba2005nonlocal,
  title        = {Nonlocal analysis of the {R}eynolds stress in turbulent shear flow},
  author       = {Hamba, Fujihiro},
  year         = 2005,
  journal      = {Physics of Fluids},
  volume       = 17,
  number       = 11,
  pages        = 115102,
}
@article{hamba2004nonlocal,
  title        = {Nonlocal expression for scalar flux in turbulent shear flow},
  author       = {Hamba, Fujihiro},
  year         = 2004,
  journal      = {Physics of Fluids},
  publisher    = {American Institute of Physics},
  volume       = 16,
  number       = 5,
  pages        = {1493--1508},
}
@article{vie2016particle,
  title        = {Particle-laden flows forced by the disperse phase: {C}omparison between {L}agrangian and {E}ulerian simulations},
  author       = {Vi{\'e}, Aymeric and Pouransari, Hadi and Zamansky, R{\'e}mi and Mani, Ali},
  year         = 2016,
  journal      = {International Journal of Multiphase Flow},
  volume       = 79,
  pages        = {144--158},
}
@article{schafersparserecoveryelliptic2021,
  title        = {Sparse Recovery of Elliptic Solvers from Matrix--Vector Products},
  author       = {Sch{\"a}fer, Florian and Owhadi, Houman},
  year         = 2023,
  journal      = {arXiv preprint arXiv:2110.05351},
}
@article{ma2016using,
  title        = {Using statistical learning to close two-fluid multiphase flow equations for bubbly flows in vertical channels},
  author       = {Ma, Ming and Lu, Jiacai and Tryggvason, Gretar},
  year         = 2016,
  journal      = {International Journal of Multiphase Flow},
  volume       = 85,
  pages        = {336--347},
}
